@article{pehkonen2018kohtaanto,
   title = {Kohtaanto työmarkkinoilla - havaintoja ja politiikkajohtopäätöksiä},
   author = {Pehkonen, Jaakko and Huuskonen, Jussi and Tornberg, Kalle},
   journal = {Valtioneuvoston selvity- ja tutkimustoiminnan julkaisusarja},
   number = {2018:15},
   year = {2018}
}

@article{alasalmi2020tyon,
   title = {Työn ja työvoiman alueellinen liikkuvuus ja monipaikkainen väestö},
   author = {Alasalmi, J. and Busk, H. and Holappa, V. and Huovari, J. and Härmälä, K. and Kotavaara, O. and Lehtonen, O. and Toivo, M. and Vihinen, H. and Rusanen, J.},
   journal = {Valtioneuvoston selvity- ja tutkimustoiminnan julkaisusarja},
   number = {2020:12},
   year = {2020}
}


@article{petrongolo2001looking,
  title={Looking into the black box: A survey of the matching function},
  author={Petrongolo, Barbara and Pissarides, Christopher A},
  journal={Journal of Economic literature},
  volume={39},
  number={2},
  pages={390--431},
  year={2001}
}

@article{pyykkonen2016voiko,
  title={Voiko alueellista kohtaanto-ongelmaa mitata yhdellä luvulla?},
  author={Pyykkönen, T.},
  journal={Työpoliittinen Aikakauskirja},
  number={2},
  year={2016},
  publisher = {Työ- ja elinkeinoministeriö}
}


@article{csahin2014mismatch,
  title={Mismatch unemployment},
  author={{\c{S}}ahin, Ay{\c{s}}eg{\"u}l and Song, Joseph and Topa, Giorgio and Violante, Giovanni L},
  journal={American Economic Review},
  volume={104},
  number={11},
  pages={3529--64},
  year={2014}
}

@article{marinescu2018mismatch,
  title={Mismatch unemployment and the geography of job search},
  author={Marinescu, Ioana and Rathelot, Roland},
  journal={American Economic Journal: Macroeconomics},
  volume={10},
  number={3},
  pages={42--70},
  year={2018}
}

@book{tilastokeskus2011ammattiluokitus, 
   author = {Tilastokeskus},
   year = {2011},
   title = {Ammattiluokitus 2010, Käsikirjoja nro 14.},
   address = {Helsinki}
}

@misc{svt2011,
   author = {SVT},
   year = {2022},
   title = {Suomen virallinen tilasto (SVT): Työnvälitystilasto [verkkojulkaisu], Helsinki: Työ- ja elinkeinoministeriö [viitattu: 8.1.2022], Saantitapa: http://www.stat.fi/til/tyonv/index.html}
}

@misc{lahtonen2006matching,
  author =  {Lahtonen, J.},
  year = {2006},
  title = {Matching heterogeneous job seekers and vacancies: Empirical studies using Finnish data (No. 50). University of Jyväskylä.}
}